@inproceedings{dong2020cscl,
	title={Cscl: Critical semantic-consistent learning for unsupervised domain adaptation},
	author={Dong, Jiahua and Cong, Yang and Sun, Gan and Liu, Yuyang and Xu, Xiaowei},
	booktitle={European Conference on Computer Vision},
	pages={745--762},
	year={2020},
	organization={Springer}
}

@article{wang2020towards,
	title={Towards class imbalance in federated learning},
	author={Wang, Lixu and Xu, Shichao and Wang, Xiao and Zhu, Qi},
	year={2020}
}

@article{wang2019eavesdrop,
	title={Eavesdrop the composition proportion of training labels in federated learning},
	author={Wang, Lixu and Xu, Shichao and Wang, Xiao and Zhu, Qi},
	journal={arXiv preprint arXiv:1910.06044},
	year={2019}
}

@inproceedings{wang2020unsupervised,
	title={Unsupervised domain adaptation via structured prediction based selective pseudo-labeling},
	author={Wang, Qian and Breckon, Toby},
	booktitle={Proceedings of the AAAI conference on artificial intelligence},
	volume={34},
	number={04},
	pages={6243--6250},
	year={2020}
}

@inproceedings{chen2018domain,
	title={Domain adaptive faster r-cnn for object detection in the wild},
	author={Chen, Yuhua and Li, Wen and Sakaridis, Christos and Dai, Dengxin and Van Gool, Luc},
	booktitle={Proceedings of the IEEE conference on computer vision and pattern recognition},
	pages={3339--3348},
	year={2018}
}

@incollection{zhang2021source,
	title={Source-Style Transferred Mean Teacher for Source-data Free Object Detection},
	author={Zhang, Dan and Ye, Mao and Xiong, Lin and Li, Shuaifeng and Li, Xue},
	booktitle={ACM Multimedia Asia},
	pages={1--8},
	year={2021}
}

@article{bochkovskiy2020yolov4,
	title={Yolov4: Optimal speed and accuracy of object detection},
	author={Bochkovskiy, Alexey and Wang, Chien-Yao and Liao, Hong-Yuan Mark},
	journal={arXiv preprint arXiv:2004.10934},
	year={2020}
}

@inproceedings{hou2021visualizing,
	title={Visualizing adapted knowledge in domain transfer},
	author={Hou, Yunzhong and Zheng, Liang},
	booktitle={Proceedings of the IEEE/CVF Conference on Computer Vision and Pattern Recognition},
	pages={13824--13833},
	year={2021}
}

@inproceedings{li2020model,
	title={Model adaptation: Unsupervised domain adaptation without source data},
	author={Li, Rui and Jiao, Qianfen and Cao, Wenming and Wong, Hau-San and Wu, Si},
	booktitle={Proceedings of the IEEE/CVF Conference on Computer Vision and Pattern Recognition},
	pages={9641--9650},
	year={2020}
}

@article{kim2021domain,
	title={Domain adaptation without source data},
	author={Kim, Youngeun and Cho, Donghyeon and Han, Kyeongtak and Panda, Priyadarshini and Hong, Sungeun},
	journal={IEEE Transactions on Artificial Intelligence},
	volume={2},
	number={6},
	pages={508--518},
	year={2021},
	publisher={IEEE}
}

@article{liang2021source,
	title={Source data-absent unsupervised domain adaptation through hypothesis transfer and labeling transfer},
	author={Liang, Jian and Hu, Dapeng and Wang, Yunbo and He, Ran and Feng, Jiashi},
	journal={IEEE Transactions on Pattern Analysis and Machine Intelligence},
	year={2021},
	publisher={IEEE}
}

@inproceedings{he2020domain,
	title={Domain adaptive object detection via asymmetric tri-way faster-rcnn},
	author={He, Zhenwei and Zhang, Lei},
	booktitle={European conference on computer vision},
	pages={309--324},
	year={2020},
	organization={Springer}
}

@article{xiong2021source,
	title={Source data-free domain adaptation of object detector through domain-specific perturbation},
	author={Xiong, Lin and Ye, Mao and Zhang, Dan and Gan, Yan and Li, Xue and Zhu, Yingying},
	journal={International Journal of Intelligent Systems},
	volume={36},
	number={8},
	pages={3746--3766},
	year={2021},
	publisher={Wiley Online Library}
}

@inproceedings{deng2021unbiased,
	title={Unbiased Mean Teacher for Cross-Domain Object Detection},
	author={Deng, Jinhong and Li, Wen and Chen, Yuhua and Duan, Lixin},
	booktitle={Proceedings of the IEEE/CVF Conference on Computer Vision and Pattern Recognition},
	pages={4091--4101},
	year={2021}
}

@inproceedings{zhu2019adapting,
	title={Adapting object detectors via selective cross-domain alignment},
	author={Zhu, Xinge and Pang, Jiangmiao and Yang, Ceyuan and Shi, Jianping and Lin, Dahua},
	booktitle={Proceedings of the IEEE/CVF Conference on Computer Vision and Pattern Recognition},
	pages={687--696},
	year={2019}
}

@inproceedings{zheng2020cross,
	title={Cross-domain object detection through coarse-to-fine feature adaptation},
	author={Zheng, Yangtao and Huang, Di and Liu, Songtao and Wang, Yunhong},
	booktitle={Proceedings of the IEEE/CVF conference on computer vision and pattern recognition},
	pages={13766--13775},
	year={2020}
}

@inproceedings{xie2019multi,
	title={Multi-level domain adaptive learning for cross-domain detection},
	author={Xie, Rongchang and Yu, Fei and Wang, Jiachao and Wang, Yizhou and Zhang, Li},
	booktitle={Proceedings of the IEEE/CVF International Conference on Computer Vision Workshops},
	pages={0--0},
	year={2019}
}

@article{han2019image,
	title={Image-based 3D object reconstruction: State-of-the-art and trends in the deep learning era},
	author={Han, Xian-Feng and Laga, Hamid and Bennamoun, Mohammed},
	journal={IEEE transactions on pattern analysis and machine intelligence},
	volume={43},
	number={5},
	pages={1578--1604},
	year={2019},
	publisher={IEEE}
}

@article{tzeng2014deep,
	title={Deep domain confusion: Maximizing for domain invariance},
	author={Tzeng, Eric and Hoffman, Judy and Zhang, Ning and Saenko, Kate and Darrell, Trevor},
	journal={arXiv preprint arXiv:1412.3474},
	year={2014}
}

@article{ben2019demystifying,
	title={Demystifying parallel and distributed deep learning: An in-depth concurrency analysis},
	author={Ben-Nun, Tal and Hoefler, Torsten},
	journal={ACM Computing Surveys (CSUR)},
	volume={52},
	number={4},
	pages={1--43},
	year={2019},
	publisher={ACM New York, NY, USA}
}

@inproceedings{deng2021unbiased,
	title={Unbiased Mean Teacher for Cross-Domain Object Detection},
	author={Deng, Jinhong and Li, Wen and Chen, Yuhua and Duan, Lixin},
	booktitle={Proceedings of the IEEE/CVF Conference on Computer Vision and Pattern Recognition},
	pages={4091--4101},
	year={2021}
}

@article{liu2021unbiased,
	title={Unbiased teacher for semi-supervised object detection},
	author={Liu, Yen-Cheng and Ma, Chih-Yao and He, Zijian and Kuo, Chia-Wen and Chen, Kan and Zhang, Peizhao and Wu, Bichen and Kira, Zsolt and Vajda, Peter},
	journal={arXiv preprint arXiv:2102.09480},
	year={2021}
}

@article{sadr2022acnn,
	title={ACNN-TL: attention-based convolutional neural network coupling with transfer learning and contextualized word representation for enhancing the performance of sentiment classification},
	author={Sadr, Hossein and Nazari Soleimandarabi, Mojdeh},
	journal={The Journal of Supercomputing},
	volume={78},
	number={7},
	pages={10149--10175},
	year={2022},
	publisher={Springer}
}

@article{thakkar2022improving,
	title={Improving the performance of sentiment analysis using enhanced preprocessing technique and Artificial Neural Network},
	author={Thakkar, Ankit and Mungra, Dhara and Agrawal, Anjali and Chaudhari, Kinjal},
	journal={IEEE Transactions on Affective Computing},
	year={2022},
	publisher={IEEE}
}


@article{he2018adaptive,
	title={Adaptive semi-supervised learning for cross-domain sentiment classification},
	author={He, Ruidan and Lee, Wee Sun and Ng, Hwee Tou and Dahlmeier, Daniel},
	journal={arXiv preprint arXiv:1809.00530},
	year={2018}
}

@article{gururangan2020don,
	title={Don't stop pretraining: adapt language models to domains and tasks},
	author={Gururangan, Suchin and Marasovi{\'c}, Ana and Swayamdipta, Swabha and Lo, Kyle and Beltagy, Iz and Downey, Doug and Smith, Noah A},
	journal={arXiv preprint arXiv:2004.10964},
	year={2020}
}

@article{chen2022unsupervised,
	title={Unsupervised Domain Adaptation for Remote Sensing Image Semantic Segmentation using Region and Category Adaptive Domain Discriminator},
	author={Chen, Xiaoshu and Pan, Shaoming and Chong, Yanwen},
	journal={IEEE Transactions on Geoscience and Remote Sensing},
	year={2022},
	publisher={IEEE}
}

@article{tasar2020colormapgan,
	title={ColorMapGAN: Unsupervised domain adaptation for semantic segmentation using color mapping generative adversarial networks},
	author={Tasar, Onur and Happy, SL and Tarabalka, Yuliya and Alliez, Pierre},
	journal={IEEE Transactions on Geoscience and Remote Sensing},
	volume={58},
	number={10},
	pages={7178--7193},
	year={2020},
	publisher={IEEE}
}

@incollection{zhang2021source,
	title={Source-Style Transferred Mean Teacher for Source-data Free Object Detection},
	author={Zhang, Dan and Ye, Mao and Xiong, Lin and Li, Shuaifeng and Li, Xue},
	booktitle={ACM Multimedia Asia},
	pages={1--8},
	year={2021}
}

@inproceedings{ganin2015unsupervised,
	title={Unsupervised domain adaptation by backpropagation},
	author={Ganin, Yaroslav and Lempitsky, Victor},
	booktitle={International conference on machine learning},
	pages={1180--1189},
	year={2015},
	organization={PMLR}
}

@article{long2017conditional,
	title={Conditional adversarial domain adaptation},
	author={Long, Mingsheng and Cao, Zhangjie and Wang, Jianmin and Jordan, Michael I},
	journal={arXiv preprint arXiv:1705.10667},
	year={2017}
}

@article{tzeng2014deep,
	title={Deep domain confusion: Maximizing for domain invariance},
	author={Tzeng, Eric and Hoffman, Judy and Zhang, Ning and Saenko, Kate and Darrell, Trevor},
	journal={arXiv preprint arXiv:1412.3474},
	year={2014}
}

@inproceedings{saito2018maximum,
	title={Maximum classifier discrepancy for unsupervised domain adaptation},
	author={Saito, Kuniaki and Watanabe, Kohei and Ushiku, Yoshitaka and Harada, Tatsuya},
	booktitle={Proceedings of the IEEE conference on computer vision and pattern recognition},
	pages={3723--3732},
	year={2018}
}

@article{liu2020structured,
	title={Structured knowledge distillation for dense prediction},
	author={Liu, Yifan and Shu, Changyong and Wang, Jingdong and Shen, Chunhua},
	journal={IEEE transactions on pattern analysis and machine intelligence},
	year={2020},
	publisher={IEEE}
}

@inproceedings{xu2020exploring,
	title={Exploring categorical regularization for domain adaptive object detection},
	author={Xu, Chang-Dong and Zhao, Xing-Ran and Jin, Xin and Wei, Xiu-Shen},
	booktitle={Proceedings of the IEEE/CVF Conference on Computer Vision and Pattern Recognition},
	pages={11724--11733},
	year={2020}
}

@inproceedings{passalis2018learning,
	title={Learning deep representations with probabilistic knowledge transfer},
	author={Passalis, Nikolaos and Tefas, Anastasios},
	booktitle={Proceedings of the European Conference on Computer Vision (ECCV)},
	pages={268--284},
	year={2018}
}

@article{passalis2020probabilistic,
	title={Probabilistic knowledge transfer for lightweight deep representation learning},
	author={Passalis, Nikolaos and Tzelepi, Maria and Tefas, Anastasios},
	journal={IEEE Transactions on Neural Networks and Learning Systems},
	volume={32},
	number={5},
	pages={2030--2039},
	year={2020},
	publisher={IEEE}
}

@article{seo2020federated,
	title={Federated knowledge distillation},
	author={Seo, Hyowoon and Park, Jihong and Oh, Seungeun and Bennis, Mehdi and Kim, Seong-Lyun},
	journal={arXiv preprint arXiv:2011.02367},
	year={2020}
}

@article{xie2018improving,
	title={Improving fast segmentation with teacher-student learning},
	author={Xie, Jiafeng and Shuai, Bing and Hu, Jian-Fang and Lin, Jingyang and Zheng, Wei-Shi},
	journal={arXiv preprint arXiv:1810.08476},
	year={2018}
}

@inproceedings{liang2020we,
	title={Do we really need to access the source data? source hypothesis transfer for unsupervised domain adaptation},
	author={Liang, Jian and Hu, Dapeng and Feng, Jiashi},
	booktitle={International Conference on Machine Learning},
	pages={6028--6039},
	year={2020},
	organization={PMLR}
}

@inproceedings{kurmi2021domain,
	title={Domain Impression: A Source Data Free Domain Adaptation Method},
	author={Kurmi, Vinod K and Subramanian, Venkatesh K and Namboodiri, Vinay P},
	booktitle={Proceedings of the IEEE/CVF Winter Conference on Applications of Computer Vision},
	pages={615--625},
	year={2021}
}

@article{yang2020unsupervised,
	title={Unsupervised domain adaptation without source data by casting a bait},
	author={Yang, Shiqi and Wang, Yaxing and van de Weijer, Joost and Herranz, Luis and Jui, Shangling},
	journal={arXiv preprint arXiv:2010.12427},
	year={2020}
}

@inproceedings{xu2020exploring,
	title={Exploring categorical regularization for domain adaptive object detection},
	author={Xu, Chang-Dong and Zhao, Xing-Ran and Jin, Xin and Wei, Xiu-Shen},
	booktitle={Proceedings of the IEEE/CVF Conference on Computer Vision and Pattern Recognition},
	pages={11724--11733},
	year={2020}
}

@inproceedings{inoue2018cross,
	title={Cross-domain weakly-supervised object detection through progressive domain adaptation},
	author={Inoue, Naoto and Furuta, Ryosuke and Yamasaki, Toshihiko and Aizawa, Kiyoharu},
	booktitle={Proceedings of the IEEE conference on computer vision and pattern recognition},
	pages={5001--5009},
	year={2018}
}

@inproceedings{cordts2016cityscapes,
	title={The cityscapes dataset for semantic urban scene understanding},
	author={Cordts, Marius and Omran, Mohamed and Ramos, Sebastian and Rehfeld, Timo and Enzweiler, Markus and Benenson, Rodrigo and Franke, Uwe and Roth, Stefan and Schiele, Bernt},
	booktitle={Proceedings of the IEEE conference on computer vision and pattern recognition},
	pages={3213--3223},
	year={2016}
}

@article{sakaridis2018semantic,
	title={Semantic foggy scene understanding with synthetic data},
	author={Sakaridis, Christos and Dai, Dengxin and Van Gool, Luc},
	journal={International Journal of Computer Vision},
	volume={126},
	number={9},
	pages={973--992},
	year={2018},
	publisher={Springer}
}

@inproceedings{saito2019strong,
	title={Strong-weak distribution alignment for adaptive object detection},
	author={Saito, Kuniaki and Ushiku, Yoshitaka and Harada, Tatsuya and Saenko, Kate},
	booktitle={Proceedings of the IEEE/CVF Conference on Computer Vision and Pattern Recognition},
	pages={6956--6965},
	year={2019}
}

@article{xiong2021source,
	title={Source data-free domain adaptation of object detector through domain-specific perturbation},
	author={Xiong, Lin and Ye, Mao and Zhang, Dan and Gan, Yan and Li, Xue and Zhu, Yingying},
	journal={International Journal of Intelligent Systems},
	volume={36},
	number={8},
	pages={3746--3766},
	year={2021},
	publisher={Wiley Online Library}
}

@article{everingham2010pascal,
	title={The pascal visual object classes (voc) challenge},
	author={Everingham, Mark and Van Gool, Luc and Williams, Christopher KI and Winn, John and Zisserman, Andrew},
	journal={International journal of computer vision},
	volume={88},
	number={2},
	pages={303--338},
	year={2010},
	publisher={Springer}
}

@inproceedings{inoue2018cross,
	title={Cross-domain weakly-supervised object detection through progressive domain adaptation},
	author={Inoue, Naoto and Furuta, Ryosuke and Yamasaki, Toshihiko and Aizawa, Kiyoharu},
	booktitle={Proceedings of the IEEE conference on computer vision and pattern recognition},
	pages={5001--5009},
	year={2018}
}

@inproceedings{zhu2019adapting,
	title={Adapting object detectors via selective cross-domain alignment},
	author={Zhu, Xinge and Pang, Jiangmiao and Yang, Ceyuan and Shi, Jianping and Lin, Dahua},
	booktitle={Proceedings of the IEEE/CVF Conference on Computer Vision and Pattern Recognition},
	pages={687--696},
	year={2019}
}

@inproceedings{he2020domain,
	title={Domain adaptive object detection via asymmetric tri-way faster-rcnn},
	author={He, Zhenwei and Zhang, Lei},
	booktitle={European conference on computer vision},
	pages={309--324},
	year={2020},
	organization={Springer}
}

@article{li2020free,
	title={A free lunch for unsupervised domain adaptive object detection without source data},
	author={Li, Xianfeng and Chen, Weijie and Xie, Di and Yang, Shicai and Yuan, Peng and Pu, Shiliang and Zhuang, Yueting},
	journal={arXiv preprint arXiv:2012.05400},
	year={2020}
}

@inproceedings{he2019multi,
	title={Multi-adversarial faster-rcnn for unrestricted object detection},
	author={He, Zhenwei and Zhang, Lei},
	booktitle={Proceedings of the IEEE/CVF International Conference on Computer Vision},
	pages={6668--6677},
	year={2019}
}